3274 5102
235 401 300 466 814
643 399 838 466 HORA'PII
862 399 1025 468 FLACCI

364 572 454 639 Haec
467 576 503 639 et
516 594 596 659 quae
609 578 763 657 poterunt
776 572 897 638 reditus
910 568 1091 639 abscindere
1105 572 1211 640 dulces
1268 591 1303 640 er

405 671 527 735 Eamus
540 668 645 734 omnis
660 675 821 735 exsecrata
832 670 956 750 civitas,

364 768 433 832 Aut
446 790 518 852 pars
533 766 661 832 indocili
676 766 786 832 melior
799 788 898 851 grege
905 794 916 846 ς
938 766 1043 833 mollis
1057 773 1092 833 et
1104 789 1215 852 exspes

408 864 591 941 Iuomiuata
603 863 778 948 perprimat
792 864 921 930 cubilis.

365 961 432 1026 Vos
447 961 561 1045 quibus
574 968 624 1025 est
638 961 741 1025 virtus
755 961 940 1026 muliebrem
954 960 1058 1027 tellite
1071 962 1206 1042 luctum,

407 1060 543 1148 Etrusca
556 1065 679 1142 praeter
693 1065 727 1124 et
740 1059 845 1124 volate
858 1059 962 1125 litera.
1269 1078 1305 1125 so

365 1155 435 1221 Nos
449 1163 556 1221 manet
571 1157 715 1222 Oceanus
729 1157 967 1241 circumvagus:
990 1179 1076 1236 arva,
1090 1157 1185 1223 beata

409 1254 558 1317 Petamus
572 1275 648 1317 arva
660 1253 776 1318 divites
790 1260 823 1318 et
836 1254 965 1332 insulas,

366 1350 485 1416 Reddit
498 1350 555 1414 nbi
569 1351 714 1416 Cererem
730 1350 824 1416 tellus
838 1350 963 1416 inarata
975 1350 1150 1436 quotannis

408 1449 454 1511 Et
467 1447 626 1531 imputata
640 1448 731 1513 floret
744 1470 842 1533 usque
856 1448 960 1527 vinea,

368 1544 536 1610 Germinat
549 1551 583 1611 et
597 1568 761 1630 nunquam
775 1544 915 1611 fallentis
929 1552 1045 1612 termes
1059 1545 1172 1625 olivae,
1270 1563 1305 1611 se

411 1644 570 1728 Suamque
584 1643 672 1727 pulla
685 1643 763 1708 ficus
778 1650 871 1709 ornat
885 1644 1039 1722 arborem,

367 1740 467 1805 Mella
480 1762 557 1805 cars
571 1746 705 1805 manent
718 1762 758 1805 ex
772 1740 853 1819 ilice,
868 1741 1032 1805 montibus
1045 1738 1122 1806 eltis

410 1837 506 1903 Levis
520 1844 666 1922 crepante
679 1837 812 1923 lympha
825 1838 932 1904 desilit
945 1838 1033 1922 pede.

367 1934 439 2000 Illic
453 1935 590 2019 injussus
604 1935 738 2001 veniunt
752 1934 793 1999 ad
807 1935 943 2001 mulctra
956 1935 1104 2021 capellae,

409 2033 579 2117 Refertque
594 2039 685 2099 tenta
697 2055 776 2118 grex
790 2033 911 2098 amicus
925 2034 1023 2098 ubera
1030 2059 1042 2112 ς

365 2129 436 2195 Nec
450 2131 646 2215 vespertinus
659 2130 880 2215 circumgemit
893 2153 984 2195 ursus
998 2128 1091 2209 ovile,

409 2227 521 2314 Neque
536 2228 721 2294 intumescit
733 2229 800 2293 alta
813 2228 930 2313 viperis
943 2230 1069 2292 humus.

366 2326 524 2411 Pluraque
539 2325 643 2390 felices
657 2325 854 2405 mirabimur,
868 2332 906 2390 ut
919 2348 1020 2410 neque
1033 2325 1130 2411 largis

410 2425 557 2508 Aquosus
571 2424 678 2487 Eurus
692 2445 767 2487 arva
781 2423 872 2487 radet
884 2422 1049 2502 imbribus,

366 2519 506 2605 Pinguia
520 2544 577 2586 nec
592 2521 682 2585 siccis
696 2527 831 2585 urantur
844 2522 966 2586 semina
980 2520 1094 2605 glebis,

412 2619 593 2703 Utrumque
608 2640 681 2702 rege
696 2623 891 2702 temperante
905 2619 1065 2683 caelitum.

368 2713 445 2779 Non
459 2716 520 2778 buc
535 2717 642 2799 Argoo
657 2716 820 2779 contendit
834 2716 954 2799 remige
968 2715 1072 2799 pinus,

411 2814 524 2897 Neque
538 2811 698 2895 impudica
713 2813 839 2877 Colchis
853 2812 965 2877 intulit
979 2813 1109 2897 pedem;

367 2908 442 2974 Non
457 2910 519 2973 huc
536 2908 658 2973 Sidonii
672 2915 831 2975 torserunt
845 2933 961 2975 cornua
974 2917 1098 2989 nautae,

411 3005 582 3071 Laboriosa
594 3028 652 3071 nec
666 3008 776 3073 cohors
791 3009 909 3073 Ulixei.

369 3103 470 3169 Nulla
483 3110 598 3169 nocent
611 3104 715 3188 pecori
730 3106 889 3189 contagia,
903 3104 1022 3169 nullius
1036 3103 1115 3169 astri

412 3201 550 3285 Gregem
565 3207 708 3267 aestuosa
722 3207 821 3267 torret
835 3201 1033 3286 impotentia

369 3299 392 3364 J
393 3297 518 3382 uppiter
530 3299 587 3364 illa
600 3300 671 3383 piae
684 3300 818 3366 secrevit
831 3301 925 3365 litora
938 3299 1041 3384 genti,

413 3397 463 3461 Ut
476 3395 656 3482 inquinavit
669 3419 738 3462 aere
751 3404 877 3482 tempus
891 3418 1040 3475 aureum;

368 3492 461 3572 Aere,
476 3492 589 3558 dehinc
603 3494 685 3559 ferro
699 3494 828 3559 duravit
842 3494 975 3572 saecula,
989 3516 1123 3579 quorum
1270 3504 1306 3559 6⁵

411 3591 478 3655 Piis
492 3591 627 3656 secunde
642 3596 713 3657 vete
728 3612 778 3655 me
793 3591 887 3656 detur
901 3592 988 3676 fuga.

274 3726 330 3792 [42.
345 3726 449 3792 diriter]
467 3727 586 3793 Compare
596 3728 625 3778 C.
636 3729 670 3778 ir.
680 3731 705 3779 8.
716 3728 771 3795 27]
853 3729 926 3788 rum,'
940 3730 1010 3793 Virg.
1026 3730 1087 3779 Aen
1104 3728 1139 3779 iir.
1156 3727 1213 3779 549.
1246 3725 1435 3777 Ritus-‘12-

242 3892 705 4001 mess.'r.a.1rr‚nsrr.s1a]'
856 3874 1057 3988 copratha
1067 3894 1259 3988 murmures]

276 3986 317 4035 52.
333 3987 486 4064 istsmcecs't'
501 3987 571 4052 cllo]
601 3988 712 4075 poci-mg
738 3986 825 4074 thinks
888 3987 943 4053 dh]
961 3988 1096 4067 ‘Quorum'
1107 3986 1253 4050 depcndson
1265 3986 1354 4050 ‘fuge’
1386 3984 1436 4034 Vr.

244 4050 611 4193 lldltdr'uisrssdddigtdhldaiidid
629 4067 658 4167 g
675 4052 825 4180 hdctdi'upddi
856 4052 1158 4196 dequid’etelilieenqiidtdre3
1193 4122 1223 4166 ut
1233 4052 1436 4179 hffisffifflhlss

246 4179 423 4228 ‘mtumescrt'
858 4196 899 4230 ere
909 4183 1147 4245 netqmtsrntherr
1159 4182 1227 4245 place
1236 4182 1314 4238 there,
1331 4180 1380 4228 and
1396 4195 1435 4228 re·

245 4243 336 4358 nii
352 4242 826 4361 “diffinierit-iff’ilhfflll
858 4244 1436 4368 tdltffllltltltltffiffl

247 4374 273 4422 4
291 4342 331 4431 ld,
341 4341 460 4422 “inirem
484 4407 492 4422 .
508 4407 515 4422 .
533 4406 540 4422 .
562 4376 593 4424 ut
613 4325 679 4424 tutha
695 4410 701 4423 .
718 4408 726 4423 .
744 4346 825 4424 sdor-
858 4375 955 4453 worthy
967 4376 995 4424 of
1010 4374 1114 4425 Horace.
1148 4375 1205 4424 Ido
1221 4379 1266 4425 not
1278 4326 1357 4425 doubt
1370 4373 1438 4424 their

248 4436 368 4502 mirem’]
859 4455 1025 4504 genumeness.

281 4500 335 4567 [69.
361 4501 468 4568 scruas]
498 4501 609 4552 ‘Cornua
630 4538 637 4552 .
655 4537 686 4553 ..
710 4505 826 4552 antonna-
