3274 5102
587 423 960 488 rumunnense.
1194 406 1202 423 ·
1306 421 1369 485 ara

262 593 403 659 Nomine
417 593 576 678 deeeptus,
591 616 706 678 poenas
719 592 919 677 deditusque
933 615 1086 676 superque
1292 602 1328 655 65

263 692 368 758 Quam
382 691 459 755 satis
473 697 530 768 est,
545 690 663 774 pugnis
677 710 784 755 caesus
798 689 938 774 ferroque
952 689 1082 774 petitus,

261 789 418 855 Exclusus
432 788 497 852 fore
511 811 584 852 eum
600 788 806 871 Longarenus
819 787 901 851 foret
915 786 1014 851 intus.

264 887 350 951 Huic
365 886 392 950 si
406 886 547 950 mutonis
561 885 664 950 verbis
679 885 762 949 mala
776 890 867 949 tanta
880 883 1018 949 videntis

261 983 389 1048 Diceret
403 983 478 1047 haec
492 983 634 1046 animus:
657 987 678 1017 “
689 981 776 1048 Quid
791 982 839 1045 vis
853 981 940 1045 tibi?
961 979 1116 1066 numquid
1131 1001 1190 1063 ego
1205 1001 1224 1042 a
1238 986 1270 1043 te

263 1080 385 1164 Magno
399 1085 590 1164 prognatum
605 1079 737 1163 deposco
752 1078 878 1144 consule
892 1098 1034 1143 cunnum
1293 1092 1327 1145 70

261 1178 474 1262 Velatumque
487 1177 570 1241 stola
583 1198 653 1241 mea
666 1199 740 1240 cum
755 1175 932 1240 conferbuit
946 1176 993 1239 ira
1003 1175 1045 1238 ?''

263 1274 350 1340 Quid
364 1273 583 1358 responderet?
627 1279 647 1309 “
659 1273 782 1358 Magno
797 1279 885 1356 patre
898 1278 975 1347 nata
989 1270 1093 1356 puella
1107 1271 1188 1336 est.'’

262 1372 308 1435 At
322 1379 439 1456 quanto
453 1372 581 1436 meliora
596 1377 704 1436 monet
716 1371 957 1456 pugnantiaque
972 1370 1043 1436 istis
1098 1452 1101 1458 Ι

262 1469 361 1534 Dives
375 1469 442 1553 opis
456 1476 571 1533 natura
584 1492 667 1547 snae,
682 1476 719 1532 tu
734 1470 761 1532 si
776 1468 868 1533 modo
882 1473 967 1534 recte

181 1592 187 1607 ·
262 1567 450 1650 Dispensare
464 1566 543 1631 velis
557 1588 593 1630 ae
608 1588 672 1630 uon
686 1565 837 1650 fugienda
850 1564 993 1650 petendis

262 1662 452 1728 Immiscere.
495 1662 563 1728 'ruo
576 1663 656 1727 vitio
669 1684 814 1727 rerumne
827 1661 946 1727 labores

260 1760 319 1824 Nil
334 1760 446 1825 referre
459 1762 574 1844 putas?
619 1760 734 1839 Quare,
748 1782 788 1825 ne
802 1760 962 1843 poeniteat
977 1767 1020 1838 te,

262 1857 378 1922 Desine
392 1863 551 1923 matronas
565 1858 721 1936 sectamer,
735 1857 818 1922 unde
832 1856 947 1922 laboris

260 1953 337 2019 Plus
349 1955 474 2020 haurire
488 1955 564 2019 mali
577 1961 626 2020 est
640 1977 735 2042 quam
749 1978 788 2020 ex
803 1977 836 2019 re
849 1954 1011 2039 decerpere
1025 1952 1159 2019 fructus.

260 2052 330 2117 Nec
343 2053 446 2135 magis
459 2053 533 2117 huic
546 2053 630 2117 inter
643 2053 751 2118 niveos
765 2051 941 2136 viridesque
955 2050 1078 2135 lapillos
1292 2069 1327 2116 eo

266 2150 333 2231 (Sit
345 2150 421 2214 licet
435 2151 504 2229 hoo,
519 2150 681 2229 Cerinthe,
696 2151 799 2232 tuum)
819 2156 965 2215 tenerum
979 2155 1028 2213 est
1041 2148 1144 2212 femur
1157 2152 1214 2213 aut
1227 2170 1298 2212 erus

261 2246 402 2324 Rectius,
416 2252 511 2331 atque
526 2246 621 2312 etiam
637 2247 749 2311 melius
762 2268 908 2330 persaepe
924 2250 1051 2330 togatae
1065 2250 1125 2309 est.

260 2343 351 2408 Adde
365 2343 427 2408 huc
441 2343 524 2428 quod
538 2365 673 2408 mercem
688 2343 755 2409 sine
769 2343 850 2408 fucis
864 2348 980 2426 gestet,
994 2348 1100 2426 aperte

261 2440 355 2506 Quod
368 2441 477 2505 venale
490 2441 587 2506 hebet
600 2441 750 2520 ostendit,
764 2462 822 2506 nee
838 2440 956 2526 siquid
970 2439 1095 2504 honesti
1109 2444 1158 2504 est

262 2537 667 2623 Jaetathebetquepalam,
683 2536 881 2624 quaeritque
895 2537 1001 2621 turpia
1014 2534 1103 2602 celet.
1292 2553 1326 2601 es

262 2635 404 2720 Regibus
418 2635 470 2700 hie
484 2657 552 2701 mos
566 2643 625 2716 est,
642 2636 697 2701 ubi
710 2658 806 2721 equos
821 2642 999 2701 mereantur
1006 2659 1017 2714 3
1040 2639 1163 2720 opertos

261 2730 452 2815 Inspiciunt‚
466 2754 506 2798 ne
521 2732 548 2797 si
562 2732 656 2798 facies
670 2740 709 2798 ut
723 2753 813 2817 saepe
827 2732 939 2798 deeora

260 2829 354 2893 Molli
369 2830 452 2894 fulta
464 2829 543 2914 pede
556 2837 605 2896 est
618 2836 793 2914 emptorem
807 2829 938 2895 inducat
951 2828 1104 2907 hiantem,

261 2926 356 2992 Quod
369 2927 515 3011 pulchrae
529 2928 647 3008 clunes,
661 2928 754 2993 breve
768 2927 853 3013 quod
867 2933 972 3012 eaput,
986 2926 1083 2992 ardua
1095 2923 1211 2991 cervix.

261 3023 333 3088 Hoc
347 3024 395 3088 illi
409 3030 510 3090 recta:
531 3047 572 3090 ne
586 3024 723 3109 eorporis
737 3024 857 3110 optima
872 3024 993 3109 Lyncei
1293 3040 1328 3092 90

260 3121 477 3205 Contemplere
491 3120 600 3201 oculis,
616 3121 766 3206 Hypsaea
779 3121 898 3186 caecior
912 3121 967 3184 illa

261 3217 350 3283 Quae
364 3218 447 3282 mala
461 3225 537 3284 sunt
551 3225 681 3304 speetes.
726 3219 757 3284 Ο
773 3218 862 3283 erus!
886 3241 905 3283 o
919 3217 1064 3283 brachia!
1108 3220 1229 3283 Verum

260 3314 414 3399 Depugis,
429 3322 552 3396 nasute,
566 3316 656 3381 brevi
669 3316 765 3382 latere
780 3337 816 3380 ae
830 3316 908 3400 pede
922 3316 1019 3401 longo
1032 3320 1090 3381 est

260 3411 426 3477 Matronae
440 3419 563 3496 praeter
576 3413 687 3478 faciem
702 3414 749 3478 nil
763 3434 885 3479 cernere
900 3414 1010 3498 possis,

259 3509 380 3589 Cetera,
394 3510 430 3574 ni
444 3511 539 3576 Catia
551 3517 610 3590 est,
624 3509 760 3576 demissa
773 3516 861 3577 reste
875 3511 1027 3597 tegentis.
1289 3528 1324 3581 95

173 3703 333 3784 daughter[;
343 3706 393 3755 and
403 3705 426 3756 it
436 3721 487 3756 war
497 3706 542 3793 thq
557 3706 644 3757 action
654 3706 683 3757 ol
694 3706 755 3756 inu·
786 3706 831 3757 the
842 3707 929 3757 merite
939 3706 968 3757 ol
975 3706 1020 3758 the
1030 3707 1122 3758 merul
1134 3705 1256 3772 readings,
1267 3707 1368 3758 andtha

173 3771 755 3924 fflffffiyffipnffifflmutqp
786 3772 1067 3902 nexem
1083 3840 1141 3887 note
1156 3852 1189 3885 on
1206 3836 1234 3886 C.
1251 3837 1268 3886 ἰ.
1285 3838 1309 3885 4
1327 3839 1367 3887 14.

174 3896 334 3963 Iougatonns
349 3901 447 3964 maybe
463 3916 512 3965 any
523 3901 597 3967 body.
629 3900 708 3950 ‘Fore
733 3915 755 3949 rs
787 3899 819 3949 In
830 3915 896 3950 some
908 3901 980 3950 MSS.
989 3901 1041 3951 thir
1051 3901 1370 3967 linaisthebeginningof

172 3963 217 4013 the
232 3965 378 4014 ablatireof
391 3965 482 4014 ‘foris'
786 3966 965 4015 answflatire.

206 4026 378 4092 [daviderat
409 4029 644 4093 Thebestreading
654 4028 753 4080 accord·
818 4032 859 4079 91.
887 4031 1009 4095 Hypsaea
1035 4031 1134 4081 caecior
1157 4031 1218 4096 illo]
1252 4030 1288 4079 'l'o
1314 4029 1367 4078 this

174 4090 365 4156 ingtothells
385 4094 422 4142 .is
441 4093 563 4143 ‘videntiss
597 4094 753 4152 Ritter,who
785 4109 880 4143 woman
899 4095 1052 4207 Porphppmn
1066 4096 1134 4159 gives
1145 4096 1189 4145 the
1200 4110 1272 4143 nume
1283 4093 1366 4143 Plotia

1007 4176 1021 4208 e

172 4153 217 4205 has
235 4158 361 4215 ‘videnti'
372 4158 456 4208 makes
472 4158 590 4222 ajoculnr
607 4157 703 4208 remark
720 4173 753 4208 on
785 4174 813 4206 οι·
833 4159 940 4209 Plautia.

173 4221 307 4279 ‘videntis’
315 4223 396 4273 which
405 4222 531 4273 Heindorf
535 4223 663 4273 defended.
684 4223 752 4273 Both
784 4224 847 4272 then
865 4224 933 4274 what
952 4225 996 4273 the
1015 4228 1071 4275 text
1091 4223 1147 4273 tells
1169 4238 1206 4272 us.
1239 4221 1276 4272 of
1292 4221 1364 4271 Ostiu

171 4288 423 4353 notameunous]
785 4287 915 4353 Crnqnius’
928 4289 1049 4339 Scholiast
1059 4289 1115 4339 tells
1127 4286 1326 4337 nssnaneodota
1337 4286 1364 4336 in

203 4348 258 4415 81.]
276 4351 336 4400 This
384 4357 410 4401 rt
429 4352 458 4401 of
472 4353 515 4401 the
532 4353 612 4401 Satira
629 4352 650 4401 is
667 4351 753 4403 rather
784 4353 957 4403 confirmation
976 4354 1005 4403 or*
1019 4353 1065 4402 hcr
1084 4352 1216 4401 shamelees
1235 4351 1269 4399 im
1304 4350 1363 4415 rity,

170 4411 281 4472 obscure,
298 4431 328 4478 pa
363 4417 454 4480 ystom
470 4417 515 4467 the
529 4417 651 4467 uariatior
666 4416 696 4467 of
708 4417 753 4467 the
784 4418 866 4468 which
877 4433 978 4503 appears
989 4421 1017 4468 to
1031 4417 1093 4466 have
1103 4416 1165 4466 been
1181 4430 1269 4479 prover
1285 4415 1325 4472 inl,
1337 4430 1364 4463 as

171 4475 245 4526 MSS.
278 4479 291 4527 1
309 4480 371 4542 hope
390 4481 401 4528 l
419 4480 480 4530 shall
498 4488 543 4530 not
560 4483 589 4530 he
608 4481 750 4531 considered
783 4480 919 4547 Hypsaeus
936 4482 1062 4533 blindness
1082 4495 1165 4533 reema
1179 4479 1231 4532 alto
1252 4483 1280 4531 to
1301 4479 1366 4532 have

170 4556 229 4592 orer
238 4543 367 4594 fastidium
383 4545 405 4594 ir
419 4545 433 4595 1
449 4546 543 4596 decline
559 4547 673 4611 eulcring
684 4562 750 4611 upon
782 4546 853 4597 been.

1042 4160 1114 4209 know
1134 4175 1166 4209 uo
1187 4174 1255 4208 more
1273 4159 1302 4207 of
1319 4158 1365 4207 her
