3264 5088
326 338 390 401 ecl

735 332 929 398 HORA'I’II
952 333 1116 400 mAch

742 712 959 791 OARMEN
982 712 1098 791 VIII.

499 912 634 976 Roolnn
646 909 743 996 longo
756 910 900 996 putidam
914 916 946 976 te
960 911 1081 978 soeculo

540 1008 635 1073 vires
649 1008 724 1094 quid
739 1014 866 1073 enervet
880 1009 983 1072 mess!

499 1106 583 1169 Cum
597 1107 640 1170 sit
653 1105 715 1170 tibi
730 1106 807 1171 dens
821 1112 888 1170 ster
902 1112 936 1169 et
949 1102 1040 1190 rugis
1054 1110 1145 1171 votus

543 1204 690 1267 Frontem
705 1208 850 1267 senectus
864 1208 980 1282 exoret,

500 1299 641 1383 Hietque
654 1299 756 1383 turpis
770 1298 854 1365 inter
867 1299 970 1363 arides
983 1304 1073 1364 netes
1332 1317 1349 1363 s

543 1396 648 1460 Podcx
661 1396 750 1461 velut
763 1396 876 1461 crudso
889 1396 988 1461 bovis.

500 1493 562 1558 Sed
576 1493 690 1558 incitet
704 1516 754 1559 me
768 1500 877 1578 pectus
892 1500 926 1559 et
939 1514 1096 1558 memmae
1109 1500 1227 1577 putres,

542 1591 668 1674 Equinc
681 1591 789 1675 quoles
802 1591 908 1669 ubera,

498 1687 680 1772 Venterque
693 1687 797 1759 mollis
811 1693 845 1752 et
858 1687 960 1753 femur
974 1685 1171 1753 tumentibus

541 1784 633 1849 Exile
647 1785 727 1848 suris
741 1784 895 1849 additum.
1317 1799 1350 1848 10

498 1881 578 1946 Esto
592 1881 694 1960 beatu,
709 1882 805 1945 funus
819 1887 914 1965 atque
929 1880 1086 1965 imagines

542 1979 672 2043 Ducunt
685 1978 892 2063 triumphales
906 1984 1013 2056 tuum,

499 2076 569 2140 Nec
583 2075 627 2140 sit
640 2075 755 2139 marita
769 2098 847 2162 quae
861 2073 1095 2139 rotundioribus

543 2174 670 2238 Onusta
683 2173 787 2238 baccis
800 2171 952 2237 ambulet.

501 2268 599 2348 Quid,
614 2269 697 2354 quod
710 2269 809 2334 libelli
825 2268 924 2332 Stoici
938 2268 1022 2331 inter
1035 2263 1147 2331 sericos
1318 2280 1352 2331 1⁶

544 2366 654 2432 Iacere
667 2366 816 2451 pulvillos
829 2372 940 2429 emunt
947 2392 957 2443 3

501 2462 651 2527 Illiterati
664 2484 743 2526 num
757 2462 865 2526 minus
878 2461 967 2527 nervi
981 2460 1097 2545 rigent,

544 2559 694 2623 Minusve
708 2558 840 2641 languet
854 2559 1033 2623 fascinum?

504 2653 599 2722 Quod
613 2662 651 2719 ut
666 2656 797 2738 superbo
811 2678 959 2739 provoces
973 2656 1013 2720 ab
1028 2652 1171 2740 inguine,

546 2752 609 2818 Ore
623 2751 858 2817 ullsbomndum
873 2758 922 2818 est
936 2752 1007 2819 tibi.
1315 2763 1352 2816 2⁰
